@book{graff2003secure,
  title={Secure coding: principles and practices},
  author={Graff, Mark and Van Wyk, Kenneth R},
  year={2003},
  publisher={" O'Reilly Media, Inc."}
}

@misc{Prance:2012,
title = {Tech Report Writting},
author = {Dr Helen Prance, School of Engineering and Design, The University of Sussex},
URL = {http://www.sussex.ac.uk/ei/internal/forstudents/engineeringdesign/studyguides/techreportwriting},
year = {2012} 
}

@misc{owasp,
title = {OWASP Secure Coding Practices - Quick Reference Guide},
author = {The OWASP Foundation},
URL = {https://www.owasp.org/images/0/08/OWASP_SCP_Quick_Reference_Guide_v2.pdf},
year = {2010} 
}

@misc{ISO27001,
title={Normas ISO: ISO27001},
author={--},
URL={https://normaiso27001.es/},
year={--},
}

@misc{VSAQ,
title={VSAQ - Vendor Security Assessment Questionnaires},
author={Google},
URL={https://vsaq-demo.withgoogle.com/vsaq.html?qpath=questionnaires/webapp.json},
year={--},
}

@misc{mysql,
title={MySQL Community Downloads},
author={--},
URL={https://dev.mysql.com/downloads/mysql/},
year={--},
}

@misc{wikimedia:2017,
title = {Security Architecture and Design},
author = {-- },
URL = {https://upload.wikimedia.org/wikipedia/commons/5/51/Security_Architecture_and_Design.pdf},
year = {2017} 
}

@misc{pythonstyleguide:2001,
title= {PEP 257 - Docstring Conventions},
author={David Goodger <goodger at python.org>, Guido van Rossum <guido at python.org>},
URL={https://peps.python.org/pep-0257/},
year={2001}
}

@misc{nodejsstyleguide,
title={Node.js Style Guide},
author={Felix Geisendörfer},
URL={https://felixge.de/},
year={2007}
}

@misc{vuejsstyleguide,
title={Vue.js Style Guide},
author={--},
URL={https://v2.vuejs.org/v2/style-guide/?redirect=true},
year={--}
}


@misc{OWASP:2017,
title = {Security Architecture},
author = {OWASP},
URL = {https://owaspsamm.org/v2.0b/core/design/d-security-architecture/},
year = {2017} 
}



@article{furps:2010,
  title={Quaility models - role and value in software engineering},
  author={Samadhiya D., Wang S. H. \& Chen D.},
  journal={IEEE},
  URL = {https://ieeexplore.ieee.org/abstract/document/5608852/?casa_token=o_Pa9-kJAUsAAAAA:Y12uYQZxCV-Pww7eUtBzRhJw8I7OwC8kMXBCYLpHTa3-HCmrE6rWFgBGqEuBepN3Kf3UAz10hNQ},
  year={2010}
}


@article{stoneburner2002sp,
  title={Sp 800-30. risk management guide for information technology systems},
  author={Stoneburner, Gary and Goguen, Alice Y and Feringa, Alexis},
  year={2002},
  URL = {https://nvlpubs.nist.gov/nistpubs/Legacy/SP/nistspecialpublication800-30r1.pdf},
  publisher={National Institute of Standards \& Technology}
}


@book{howard2003writing,
  title={Writing secure code},
  author={Howard, Michael and LeBlanc, David},
  year={2003},
  URL = {http://www.academia.edu/download/34208359/codigos_seguros.pdf},
  publisher={Pearson Education}
}

@article{STRIDE:burns2005threat,
  title={Threat modeling: A process to ensure application security},
  author={Burns, Steven F},
  journal={GIAC Security Essentials Certification (GSEC) Practical Assignment},
  year={2005}
}

@book{ule,
title={Análisis de Riesgos - Universidad de Leon},
author={Juan Delfín Peláez Álvarez},
year={2022},
}

@inproceedings{STRIDE:shostack2008experiences,
  title={Experiences Threat Modeling at Microsoft.},
  author={Shostack, Adam},
  booktitle={MODSEC@ MoDELS},
  year={2008}
}

@article{kent2006guide,
  title={Guide to computer security log management},
  author={Kent, Karen and Souppaya, Murugiah},
  journal={NIST special publication},
  volume={92},
  year={2006}
}
